<record><leader>00000cas a22000007a 4500</leader><controlfield tag="001">181078755</controlfield><controlfield tag="008">071111d189u19uukyuwr ne      0   a0eng c</controlfield><datafield ind1=" " ind2=" " tag="010"><subfield code="a">sn2007058208</subfield></datafield><datafield ind1=" " ind2=" " tag="040"><subfield code="a">KUK</subfield><subfield code="b">eng</subfield><subfield code="c">KUK</subfield><subfield code="d">DLC</subfield><subfield code="d">OCLCQ</subfield><subfield code="d">IUL</subfield><subfield code="d">OCLCQ</subfield><subfield code="d">OCLCA</subfield><subfield code="d">OCLCF</subfield></datafield><datafield ind1=" " ind2=" " tag="019"><subfield code="a">995185834</subfield></datafield><datafield ind1="1" ind2=" " tag="022"><subfield code="a">1943-8915</subfield><subfield code="l">1943-8915</subfield><subfield code="2">1</subfield></datafield><datafield ind1="1" ind2=" " tag="029"><subfield code="a">AU@</subfield><subfield code="b">000042381850</subfield></datafield><datafield ind1="1" ind2=" " tag="029"><subfield code="a">NZ1</subfield><subfield code="b">16071166</subfield></datafield><datafield ind1=" " ind2=" " tag="042"><subfield code="a">pcc</subfield><subfield code="a">nsdp</subfield></datafield><datafield ind1=" " ind2=" " tag="043"><subfield code="a">n-us-ky</subfield></datafield><datafield ind1="0" ind2="0" tag="050"><subfield code="a">Newspaper</subfield></datafield><datafield ind1=" " ind2="4" tag="222"><subfield code="a">The Kentucky vindicator</subfield></datafield><datafield ind1="0" ind2="4" tag="245"><subfield code="a">The Kentucky vindicator.</subfield></datafield><datafield ind1="3" ind2="0" tag="246"><subfield code="a">Vindicator</subfield></datafield><datafield ind1=" " ind2=" " tag="260"><subfield code="a">Owenboro, Ky. :</subfield><subfield code="b">W.M. Likins, C.T. Likins, J. Karl Taylor</subfield></datafield><datafield ind1=" " ind2=" " tag="300"><subfield code="a">v. :</subfield><subfield code="b">ill.</subfield></datafield><datafield ind1=" " ind2=" " tag="310"><subfield code="a">Weekly</subfield></datafield><datafield ind1=" " ind2=" " tag="500"><subfield code="a">Editor, W.M. Likins.</subfield></datafield><datafield ind1=" " ind2=" " tag="530"><subfield code="a">Archived issues are available in digital format from the Library of Congress Chronicling America online collection.</subfield></datafield><datafield ind1=" " ind2=" " tag="588"><subfield code="a">Description based on: Vol. 2, no. 24 (June 26, 1901).</subfield></datafield><datafield ind1=" " ind2="0" tag="651"><subfield code="a">Daviess County (Ky.)</subfield><subfield code="v">Newspapers.</subfield></datafield><datafield ind1=" " ind2="0" tag="651"><subfield code="a">Owensboro (Ky.)</subfield><subfield code="v">Newspapers.</subfield></datafield><datafield ind1=" " ind2="0" tag="650"><subfield code="a">Temperance</subfield><subfield code="z">Kentucky</subfield><subfield code="v">Newspapers.</subfield></datafield><datafield ind1=" " ind2="7" tag="655"><subfield code="a">Newspapers.</subfield><subfield code="2">fast</subfield><subfield code="0">(OCoLC)fst01423814</subfield></datafield><datafield ind1=" " ind2="7" tag="650"><subfield code="a">Temperance.</subfield><subfield code="2">fast</subfield><subfield code="0">(OCoLC)fst01147309</subfield></datafield><datafield ind1=" " ind2="7" tag="651"><subfield code="a">Kentucky.</subfield><subfield code="2">fast</subfield><subfield code="0">(OCoLC)fst01204494</subfield></datafield><datafield ind1=" " ind2="7" tag="651"><subfield code="a">Kentucky</subfield><subfield code="z">Daviess County.</subfield><subfield code="2">fast</subfield><subfield code="0">(OCoLC)fst01234477</subfield></datafield><datafield ind1=" " ind2="7" tag="651"><subfield code="a">Kentucky</subfield><subfield code="z">Owensboro.</subfield><subfield code="2">fast</subfield><subfield code="0">(OCoLC)fst01218443</subfield></datafield><datafield ind1="1" ind2=" " tag="700"><subfield code="a">Likins, W. M.</subfield></datafield><datafield ind1=" " ind2=" " tag="752"><subfield code="a">United States</subfield><subfield code="b">Kentucky</subfield><subfield code="c">Daviess</subfield><subfield code="d">Owensboro.</subfield></datafield><datafield ind1="4" ind2="1" tag="856"><subfield code="u">http://www.loc.gov/chroniclingamerica/lccn/sn2007058208/issues</subfield></datafield></record>